@article{kirkpatrick1983optimization,
  title={Optimization by simulated annealing},
  author={Kirkpatrick, Scott and Gelatt, C Daniel and Vecchi, Mario P},
  journal={science},
  volume={220},
  number={4598},
  pages={671--680},
  year={1983},
  publisher={American association for the advancement of science}
}
@article{von2001oligonucleotide,
  title={Oligonucleotide melting temperatures under PCR conditions: nearest-neighbor corrections for Mg2+, deoxynucleotide triphosphate, and dimethyl sulfoxide concentrations with comparison to alternative empirical formulas},
  author={von Ahsen, Nicolas and Wittwer, Carl T and Schutz, Ekkehard},
  journal={Clinical Chemistry},
  volume={47},
  number={11},
  pages={1956--1961},
  year={2001},
  publisher={Oxford University Press}
}
@article{santalucia1998unified,
  title={A unified view of polymer, dumbbell, and oligonucleotide DNA nearest-neighbor thermodynamics},
  author={SantaLucia, John},
  journal={Proceedings of the National Academy of Sciences},
  volume={95},
  number={4},
  pages={1460--1465},
  year={1998},
  publisher={National Acad Sciences}
}
@article{porumbel2011simple,
  title={A simple and effective algorithm for the MaxMin diversity problem},
  author={Porumbel, Daniel Cosmin and Hao, Jin-Kao and Glover, Fred},
  journal={Annals of Operations Research},
  volume={186},
  number={1},
  pages={275},
  year={2011},
  publisher={Springer}
}
@article{avram2014quantitative,
  title={Quantitative estimation of pesticide-likeness for agrochemical discovery},
  author={Avram, Sorin and Funar-Timofei, Simona and Borota, Ana and Chennamaneni, Sridhar Rao and Manchala, Anil Kumar and Muresan, Sorel},
  journal={Journal of cheminformatics},
  volume={6},
  number={1},
  pages={1--11},
  year={2014},
  publisher={Springer}
}
@article{biswas2021low,
  title={Low-N protein engineering with data-efficient deep learning},
  author={Biswas, Surojit and Khimulya, Grigory and Alley, Ethan C and Esvelt, Kevin M and Church, George M},
  journal={Nature Methods},
  volume={18},
  number={4},
  pages={389--396},
  year={2021},
  publisher={Nature Publishing Group}
}
@article{whitehouse2012p450,
  title={P450 BM3 (CYP102A1): connecting the dots},
  author={Whitehouse, Christopher JC and Bell, Stephen G and Wong, Luet-Lok},
  journal={Chemical Society Reviews},
  volume={41},
  number={3},
  pages={1218--1260},
  year={2012},
  publisher={Royal Society of Chemistry}
}
@article{siegel2010computational,
  title={Computational design of an enzyme catalyst for a stereoselective bimolecular Diels-Alder reaction},
  author={Siegel, Justin B and Zanghellini, Alexandre and Lovick, Helena M and Kiss, Gert and Lambert, Abigail R and Clair, Jennifer L St and Gallaher, Jasmine L and Hilvert, Donald and Gelb, Michael H and Stoddard, Barry L and others},
  journal={Science},
  volume={329},
  number={5989},
  pages={309--313},
  year={2010},
  publisher={American Association for the Advancement of Science}
}

@article{rothlisberger2008kemp,
  title={Kemp elimination catalysts by computational enzyme design},
  author={R{\"o}thlisberger, Daniela and Khersonsky, Olga and Wollacott, Andrew M and Jiang, Lin and DeChancie, Jason and Betker, Jamie and Gallaher, Jasmine L and Althoff, Eric A and Zanghellini, Alexandre and Dym, Orly and others},
  journal={Nature},
  volume={453},
  number={7192},
  pages={190--195},
  year={2008},
  publisher={Nature Publishing Group}
}
@article{romero2013navigating,
  title={Navigating the protein fitness landscape with Gaussian processes},
  author={Romero, Philip A and Krause, Andreas and Arnold, Frances H},
  journal={Proceedings of the National Academy of Sciences},
  volume={110},
  number={3},
  pages={E193--E201},
  year={2013},
  publisher={National Acad Sciences}
}
@article{vaswani2017attention,
  title={Attention is all you need},
  author={Vaswani, Ashish and Shazeer, Noam and Parmar, Niki and Uszkoreit, Jakob and Jones, Llion and Gomez, Aidan N and Kaiser, Lukasz and Polosukhin, Illia},
  journal={arXiv preprint arXiv:1706.03762},
  year={2017}
}
@article{wong,
  title={P450 BM3 (CYP102A1): connecting the dots},
  author={Whitehouse, Christopher JC and Bell, Stephen G and Wong, Luet-Lok},
  journal={Chemical Society Reviews},
  volume={41},
  number={3},
  pages={1218--1260},
  year={2012},
  publisher={Royal Society of Chemistry}
}
@article{rosettadock,
  title={Small-molecule ligand docking into comparative models with Rosetta},
  author={Combs, Steven A and DeLuca, Samuel L and DeLuca, Stephanie H and Lemmon, Gordon H and Nannemann, David P and Nguyen, Elizabeth D and Willis, Jordan R and Sheehan, Jonathan H and Meiler, Jens},
  journal={Nature protocols},
  volume={8},
  number={7},
  pages={1277--1298},
  year={2013},
  publisher={Nature Publishing Group}
}
@article{MONN:m,
author = {Li, Shuya and Wan, Fangping and Shu, Hantao and Jiang, Tao and Zhao, Dan and Zeng, Jianyang},
year = {2020},
month = {04},
pages = {308-322.e11},
title = {MONN: A Multi-objective Neural Network for Predicting Compound-Protein Interactions and Affinities},
volume = {10},
journal = {Cell Systems},
doi = {10.1016/j.cels.2020.03.002}
}
@article{dunbrack1993backbone,
  title={Backbone-dependent rotamer library for proteins application to side-chain prediction},
  author={Dunbrack Jr, Roland L and Karplus, Martin},
  journal={Journal of molecular biology},
  volume={230},
  number={2},
  pages={543--574},
  year={1993},
  publisher={Elsevier}
}
@article{trott2010autodock,
  title={AutoDock Vina: improving the speed and accuracy of docking with a new scoring function, efficient optimization, and multithreading},
  author={Trott, Oleg and Olson, Arthur J},
  journal={Journal of computational chemistry},
  volume={31},
  number={2},
  pages={455--461},
  year={2010},
  publisher={Wiley Online Library}
}
@article{senior2020improved,
  title={Improved protein structure prediction using potentials from deep learning},
  author={Senior, Andrew W and Evans, Richard and Jumper, John and Kirkpatrick, James and Sifre, Laurent and Green, Tim and Qin, Chongli and {\v{Z}}{\'\i}dek, Augustin and Nelson, Alexander WR and Bridgland, Alex and others},
  journal={Nature},
  volume={577},
  number={7792},
  pages={706--710},
  year={2020},
  publisher={Nature Publishing Group}
}
@article{canutescu2003cyclic,
  title={Cyclic coordinate descent: A robotics algorithm for protein loop closure},
  author={Canutescu, Adrian A and Dunbrack Jr, Roland L},
  journal={Protein science},
  volume={12},
  number={5},
  pages={963--972},
  year={2003},
  publisher={Wiley Online Library}
}
@article{o2011open,
  title={Open Babel: An open chemical toolbox},
  author={O'Boyle, Noel M and Banck, Michael and James, Craig A and Morley, Chris and Vandermeersch, Tim and Hutchison, Geoffrey R},
  journal={Journal of cheminformatics},
  volume={3},
  number={1},
  pages={1--14},
  year={2011},
  publisher={BioMed Central}
}
@article{chaudhury2010pyrosetta,
  title={PyRosetta: a script-based interface for implementing molecular modeling algorithms using Rosetta},
  author={Chaudhury, Sidhartha and Lyskov, Sergey and Gray, Jeffrey J},
  journal={Bioinformatics},
  volume={26},
  number={5},
  pages={689--691},
  year={2010},
  publisher={Oxford University Press}
}
@article{combs2013small,
  title={Small-molecule ligand docking into comparative models with Rosetta},
  author={Combs, Steven A and DeLuca, Samuel L and DeLuca, Stephanie H and Lemmon, Gordon H and Nannemann, David P and Nguyen, Elizabeth D and Willis, Jordan R and Sheehan, Jonathan H and Meiler, Jens},
  journal={Nature protocols},
  volume={8},
  number={7},
  pages={1277--1298},
  year={2013},
  publisher={Nature Publishing Group}
}

@article{park2016simultaneous,
  title={Simultaneous optimization of biomolecular energy functions on features from small molecules and macromolecules},
  author={Park, Hahnbeom and Bradley, Philip and Greisen Jr, Per and Liu, Yuan and Mulligan, Vikram Khipple and Kim, David E and Baker, David and DiMaio, Frank},
  journal={Journal of chemical theory and computation},
  volume={12},
  number={12},
  pages={6201--6212},
  year={2016},
  publisher={ACS Publications}
}
@article{moser2008distance,
  title={Distance metrics for heme protein electron tunneling},
  author={Moser, Christopher C and Chobot, Sarah E and Page, Christopher C and Dutton, P Leslie},
  journal={Biochimica et Biophysica Acta (BBA)-Bioenergetics},
  volume={1777},
  number={7-8},
  pages={1032--1037},
  year={2008},
  publisher={Elsevier}
}
@article{butler2013key,
  title={Key mutations alter the cytochrome P450 BM3 conformational landscape and remove inherent substrate bias},
  author={Butler, Christopher F and Peet, Caroline and Mason, Amy E and Voice, Michael W and Leys, David and Munro, Andrew W},
  journal={Journal of Biological Chemistry},
  volume={288},
  number={35},
  pages={25387--25399},
  year={2013},
  publisher={ASBMB}
}
@article{jumper2021highly,
  title={Highly accurate protein structure prediction with AlphaFold},
  author={Jumper, John and Evans, Richard and Pritzel, Alexander and Green, Tim and Figurnov, Michael and Ronneberger, Olaf and Tunyasuvunakool, Kathryn and Bates, Russ and {\v{Z}}{\'\i}dek, Augustin and Potapenko, Anna and others},
  journal={Nature},
  volume={596},
  number={7873},
  pages={583--589},
  year={2021},
  publisher={Nature Publishing Group}
}
@article{santos2021accelerating,
  title={Accelerating AutoDock4 with GPUs and gradient-based local search},
  author={Santos-Martins, Diogo and Solis-Vasquez, Leonardo and Tillack, Andreas F and Sanner, Michel F and Koch, Andreas and Forli, Stefano},
  journal={Journal of chemical theory and computation},
  volume={17},
  number={2},
  pages={1060--1073},
  year={2021},
  publisher={ACS Publications}
}
@article{liu2015pdb,
  title={PDB-wide collection of binding data: current status of the PDBbind database},
  author={Liu, Zhihai and Li, Yan and Han, Li and Li, Jie and Liu, Jie and Zhao, Zhixiong and Nie, Wei and Liu, Yuchen and Wang, Renxiao},
  journal={Bioinformatics},
  volume={31},
  number={3},
  pages={405--412},
  year={2015},
  publisher={Oxford University Press}
}
@article{doerr2021torchmd,
  title={Torchmd: A deep learning framework for molecular simulations},
  author={Doerr, Stefan and Majewski, Maciej and P{\'e}rez, Adri{\`a} and Kramer, Andreas and Clementi, Cecilia and Noe, Frank and Giorgino, Toni and De Fabritiis, Gianni},
  journal={Journal of chemical theory and computation},
  volume={17},
  number={4},
  pages={2355--2363},
  year={2021},
  publisher={ACS Publications}
}
@article{wang2004development,
  title={Development and testing of a general amber force field},
  author={Wang, Junmei and Wolf, Romain M and Caldwell, James W and Kollman, Peter A and Case, David A},
  journal={Journal of computational chemistry},
  volume={25},
  number={9},
  pages={1157--1174},
  year={2004},
  publisher={Wiley Online Library}
}
@article{van2008visualizing,
  title={Visualizing data using t-SNE.},
  author={Van der Maaten, Laurens and Hinton, Geoffrey},
  journal={Journal of machine learning research},
  volume={9},
  number={11},
  year={2008}
}
@article{mcinnes2018umap,
  title={Umap: Uniform manifold approximation and projection for dimension reduction},
  author={McInnes, Leland and Healy, John and Melville, James},
  journal={arXiv preprint arXiv:1802.03426},
  year={2018}
}
@article{kirkpatrick1983optimization,
  title={Optimization by simulated annealing},
  author={Kirkpatrick, Scott and Gelatt, C Daniel and Vecchi, Mario P},
  journal={science},
  volume={220},
  number={4598},
  pages={671--680},
  year={1983},
  publisher={American association for the advancement of science}
}
@article{von2001oligonucleotide,
  title={Oligonucleotide melting temperatures under PCR conditions: nearest-neighbor corrections for Mg2+, deoxynucleotide triphosphate, and dimethyl sulfoxide concentrations with comparison to alternative empirical formulas},
  author={von Ahsen, Nicolas and Wittwer, Carl T and Schutz, Ekkehard},
  journal={Clinical Chemistry},
  volume={47},
  number={11},
  pages={1956--1961},
  year={2001},
  publisher={Oxford University Press}
}
@article{santalucia1998unified,
  title={A unified view of polymer, dumbbell, and oligonucleotide DNA nearest-neighbor thermodynamics},
  author={SantaLucia, John},
  journal={Proceedings of the National Academy of Sciences},
  volume={95},
  number={4},
  pages={1460--1465},
  year={1998},
  publisher={National Acad Sciences}
}
@article{porumbel2011simple,
  title={A simple and effective algorithm for the MaxMin diversity problem},
  author={Porumbel, Daniel Cosmin and Hao, Jin-Kao and Glover, Fred},
  journal={Annals of Operations Research},
  volume={186},
  number={1},
  pages={275},
  year={2011},
  publisher={Springer}
}
@article{avram2014quantitative,
  title={Quantitative estimation of pesticide-likeness for agrochemical discovery},
  author={Avram, Sorin and Funar-Timofei, Simona and Borota, Ana and Chennamaneni, Sridhar Rao and Manchala, Anil Kumar and Muresan, Sorel},
  journal={Journal of cheminformatics},
  volume={6},
  number={1},
  pages={1--11},
  year={2014},
  publisher={Springer}
}
@article{biswas2021low,
  title={Low-N protein engineering with data-efficient deep learning},
  author={Biswas, Surojit and Khimulya, Grigory and Alley, Ethan C and Esvelt, Kevin M and Church, George M},
  journal={Nature Methods},
  volume={18},
  number={4},
  pages={389--396},
  year={2021},
  publisher={Nature Publishing Group}
}
@article{whitehouse2012p450,
  title={P450 BM3 (CYP102A1): connecting the dots},
  author={Whitehouse, Christopher JC and Bell, Stephen G and Wong, Luet-Lok},
  journal={Chemical Society Reviews},
  volume={41},
  number={3},
  pages={1218--1260},
  year={2012},
  publisher={Royal Society of Chemistry}
}
@article{dunbrack1993backbone,
  title={Backbone-dependent rotamer library for proteins application to side-chain prediction},
  author={Dunbrack Jr, Roland L and Karplus, Martin},
  journal={Journal of molecular biology},
  volume={230},
  number={2},
  pages={543--574},
  year={1993},
  publisher={Elsevier}
}
@article{trott2010autodock,
  title={AutoDock Vina: improving the speed and accuracy of docking with a new scoring function, efficient optimization, and multithreading},
  author={Trott, Oleg and Olson, Arthur J},
  journal={Journal of computational chemistry},
  volume={31},
  number={2},
  pages={455--461},
  year={2010},
  publisher={Wiley Online Library}
}
@article{senior2020improved,
  title={Improved protein structure prediction using potentials from deep learning},
  author={Senior, Andrew W and Evans, Richard and Jumper, John and Kirkpatrick, James and Sifre, Laurent and Green, Tim and Qin, Chongli and {\v{Z}}{\'\i}dek, Augustin and Nelson, Alexander WR and Bridgland, Alex and others},
  journal={Nature},
  volume={577},
  number={7792},
  pages={706--710},
  year={2020},
  publisher={Nature Publishing Group}
}
@article{canutescu2003cyclic,
  title={Cyclic coordinate descent: A robotics algorithm for protein loop closure},
  author={Canutescu, Adrian A and Dunbrack Jr, Roland L},
  journal={Protein science},
  volume={12},
  number={5},
  pages={963--972},
  year={2003},
  publisher={Wiley Online Library}
}
@article{o2011open,
  title={Open Babel: An open chemical toolbox},
  author={O'Boyle, Noel M and Banck, Michael and James, Craig A and Morley, Chris and Vandermeersch, Tim and Hutchison, Geoffrey R},
  journal={Journal of cheminformatics},
  volume={3},
  number={1},
  pages={1--14},
  year={2011},
  publisher={BioMed Central}
}
@article{chaudhury2010pyrosetta,
  title={PyRosetta: a script-based interface for implementing molecular modeling algorithms using Rosetta},
  author={Chaudhury, Sidhartha and Lyskov, Sergey and Gray, Jeffrey J},
  journal={Bioinformatics},
  volume={26},
  number={5},
  pages={689--691},
  year={2010},
  publisher={Oxford University Press}
}
@article{fox2007improving,
  title={Improving catalytic function by ProSAR-driven enzyme evolution},
  author={Fox, Richard J and Davis, S Christopher and Mundorff, Emily C and Newman, Lisa M and Gavrilovic, Vesna and Ma, Steven K and Chung, Loleta M and Ching, Charlene and Tam, Sarena and Muley, Sheela and others},
  journal={Nature biotechnology},
  volume={25},
  number={3},
  pages={338--344},
  year={2007},
  publisher={Nature Publishing Group}
}

@article{combs2013small,
  title={Small-molecule ligand docking into comparative models with Rosetta},
  author={Combs, Steven A and DeLuca, Samuel L and DeLuca, Stephanie H and Lemmon, Gordon H and Nannemann, David P and Nguyen, Elizabeth D and Willis, Jordan R and Sheehan, Jonathan H and Meiler, Jens},
  journal={Nature protocols},
  volume={8},
  number={7},
  pages={1277--1298},
  year={2013},
  publisher={Nature Publishing Group}
}

@article{park2016simultaneous,
  title={Simultaneous optimization of biomolecular energy functions on features from small molecules and macromolecules},
  author={Park, Hahnbeom and Bradley, Philip and Greisen Jr, Per and Liu, Yuan and Mulligan, Vikram Khipple and Kim, David E and Baker, David and DiMaio, Frank},
  journal={Journal of chemical theory and computation},
  volume={12},
  number={12},
  pages={6201--6212},
  year={2016},
  publisher={ACS Publications}
}

@article{siegel2010computational,
  title={Computational design of an enzyme catalyst for a stereoselective bimolecular Diels-Alder reaction},
  author={Siegel, Justin B and Zanghellini, Alexandre and Lovick, Helena M and Kiss, Gert and Lambert, Abigail R and Clair, Jennifer L St and Gallaher, Jasmine L and Hilvert, Donald and Gelb, Michael H and Stoddard, Barry L and others},
  journal={Science},
  volume={329},
  number={5989},
  pages={309--313},
  year={2010},
  publisher={American Association for the Advancement of Science}
}

@article{rothlisberger2008kemp,
  title={Kemp elimination catalysts by computational enzyme design},
  author={R{\"o}thlisberger, Daniela and Khersonsky, Olga and Wollacott, Andrew M and Jiang, Lin and DeChancie, Jason and Betker, Jamie and Gallaher, Jasmine L and Althoff, Eric A and Zanghellini, Alexandre and Dym, Orly and others},
  journal={Nature},
  volume={453},
  number={7192},
  pages={190--195},
  year={2008},
  publisher={Nature Publishing Group}
}
@article{romero2013navigating,
  title={Navigating the protein fitness landscape with Gaussian processes},
  author={Romero, Philip A and Krause, Andreas and Arnold, Frances H},
  journal={Proceedings of the National Academy of Sciences},
  volume={110},
  number={3},
  pages={E193--E201},
  year={2013},
  publisher={National Acad Sciences}
}
@article{vaswani2017attention,
  title={Attention is all you need},
  author={Vaswani, Ashish and Shazeer, Noam and Parmar, Niki and Uszkoreit, Jakob and Jones, Llion and Gomez, Aidan N and Kaiser, Lukasz and Polosukhin, Illia},
  journal={arXiv preprint arXiv:1706.03762},
  year={2017}
}
@article{wong,
  title={P450 BM3 (CYP102A1): connecting the dots},
  author={Whitehouse, Christopher JC and Bell, Stephen G and Wong, Luet-Lok},
  journal={Chemical Society Reviews},
  volume={41},
  number={3},
  pages={1218--1260},
  year={2012},
  publisher={Royal Society of Chemistry}
}
@article{rosettadock,
  title={Small-molecule ligand docking into comparative models with Rosetta},
  author={Combs, Steven A and DeLuca, Samuel L and DeLuca, Stephanie H and Lemmon, Gordon H and Nannemann, David P and Nguyen, Elizabeth D and Willis, Jordan R and Sheehan, Jonathan H and Meiler, Jens},
  journal={Nature protocols},
  volume={8},
  number={7},
  pages={1277--1298},
  year={2013},
  publisher={Nature Publishing Group}
}
@article{MONN:m,
author = {Li, Shuya and Wan, Fangping and Shu, Hantao and Jiang, Tao and Zhao, Dan and Zeng, Jianyang},
year = {2020},
month = {04},
pages = {308-322.e11},
title = {MONN: A Multi-objective Neural Network for Predicting Compound-Protein Interactions and Affinities},
volume = {10},
journal = {Cell Systems},
doi = {10.1016/j.cels.2020.03.002}
}
@article{rives2021biological,
  title={Biological structure and function emerge from scaling unsupervised learning to 250 million protein sequences},
  author={Rives, Alexander and Meier, Joshua and Sercu, Tom and Goyal, Siddharth and Lin, Zeming and Liu, Jason and Guo, Demi and Ott, Myle and Zitnick, C Lawrence and Ma, Jerry and others},
  journal={Proceedings of the National Academy of Sciences},
  volume={118},
  number={15},
  year={2021},
  publisher={National Acad Sciences}
}
@article{tape2019,
author={Rao, Roshan and Bhattacharya, Nicholas and Thomas, Neil and Duan, Yan and Chen, Xi and Canny, John and Abbeel, Pieter and Song, Yun S},
title={Evaluating Protein Transfer Learning with TAPE},
booktitle={Advances in Neural Information Processing Systems},
year={2019},
journal={bioarxiv},
}
@article{bloom2006protein,
  title={Protein stability promotes evolvability},
  author={Bloom, Jesse D and Labthavikul, Sy T and Otey, Christopher R and Arnold, Frances H},
  journal={Proceedings of the National Academy of Sciences},
  volume={103},
  number={15},
  pages={5869--5874},
  year={2006},
  publisher={National Acad Sciences}
}
@article{butler2013key,
  title={Key mutations alter the cytochrome P450 BM3 conformational landscape and remove inherent substrate bias},
  author={Butler, Christopher F and Peet, Caroline and Mason, Amy E and Voice, Michael W and Leys, David and Munro, Andrew W},
  journal={Journal of Biological Chemistry},
  volume={288},
  number={35},
  pages={25387--25399},
  year={2013},
  publisher={ASBMB}
}
@article{ng2016nuts,
  title={Nuts and bolts of building AI applications using Deep Learning},
  author={Ng, Andrew},
  journal={NIPS Keynote Talk},
  year={2016}
}
@article{munro2002p450,
  title={P450 BM3: the very model of a modern flavocytochrome},
  author={Munro, Andrew W and Leys, David G and McLean, Kirsty J and Marshall, Ker R and Ost, Tobias WB and Daff, Simon and Miles, Caroline S and Chapman, Stephen K and Lysek, Dominikus A and Moser, Christopher C and others},
  journal={Trends in biochemical sciences},
  volume={27},
  number={5},
  pages={250--257},
  year={2002},
  publisher={Elsevier}
}
@patent{hawkes2007ep,
  title={EP 2164320 A2: Cytochrome p450 genes conferring herbicide resistance
},
  author={Timothy Robert HawkesBernardus Theodorus Maria Vernooij, Syngenta Participations AG},
  year={2007},
}
@article{licker2010mind,
  title={Mind the gap: how do climate and agricultural management explain the ‘yield gap’of croplands around the world?},
  author={Licker, Rachel and Johnston, Matt and Foley, Jonathan A and Barford, Carol and Kucharik, Christopher J and Monfreda, Chad and Ramankutty, Navin},
  journal={Global ecology and biogeography},
  volume={19},
  number={6},
  pages={769--782},
  year={2010},
  publisher={Wiley Online Library}
}
@misc{food2009high,
  title={High Level Expert Forum—How to Feed the World in 2050},
  author={Food and Agriculture Organization of the United Nations (FAO)},
  year={2009},
  publisher={Office of the Director, Agricultural Development Economics Division Rome, Italy}
}
@article{licker2010mind,
  title={Mind the gap: how do climate and agricultural management explain the ‘yield gap’of croplands around the world?},
  author={Licker, Rachel and Johnston, Matt and Foley, Jonathan A and Barford, Carol and Kucharik, Christopher J and Monfreda, Chad and Ramankutty, Navin},
  journal={Global ecology and biogeography},
  volume={19},
  number={6},
  pages={769--782},
  year={2010},
  publisher={Wiley Online Library}
}
@article{oerke2006crop,
  title={Crop losses to pests},
  author={Oerke, E-C},
  journal={The Journal of Agricultural Science},
  volume={144},
  number={1},
  pages={31--43},
  year={2006},
  publisher={Cambridge University Press}
}
@article{norsworthy2012reducing,
  title={Reducing the risks of herbicide resistance: best management practices and recommendations},
  author={Norsworthy, Jason K and Ward, Sarah M and Shaw, David R and Llewellyn, Rick S and Nichols, Robert L and Webster, Theodore M and Bradley, Kevin W and Frisvold, George and Powles, Stephen B and Burgos, Nilda R and others},
  journal={Weed science},
  volume={60},
  number={SP1},
  pages={31,62},
  year={2012},
  publisher={Cambridge University Press},
}
@article{green2012benefits,
	title={The benefits of herbicide-resistant crops},
	author={Green, J},
	year={2012},
	journal={Pest Management Science},
	volume={68(10)},
	pages={1323-1331}
}
@article{kaundun2017mechanism,
  title={Mechanism of resistance to mesotrione in an Amaranthus tuberculatus population from Nebraska, USA},
  author={Kaundun, Shiv S and Hutchings, Sarah-Jane and Dale, Richard P and Howell, Anushka and Morris, James A and Kramer, Vance C and Shivrain, Vinod K and Mcindoe, Eddie},
  journal={PLoS One},
  volume={12},
  number={6},
  pages={e0180095},
  year={2017},
  publisher={Public Library of Science San Francisco, CA USA}
}
@misc{syngenra2013mgi,
	title={Syngenta and Bayer CropScience Submit New Herbicide-tolerant Soybean Product for Regulatory Review},
	url={http://www.syngentacropprotection.com/news_releases/news.aspx?id=171999},
author={Syngenta },
	year={2013}
}
@proceedings{hawkes2001mesotrione,
	title={Mesotrione: mechanism of herbicidal activity and selectivity in corn.},
	author={Hawkes, T. and Holt, D. and Andrews, C. and Thomas, P. and Langford, M. and Hollingworth, S. and Mitchell, G. },
	organization={Proceedings of the BCPC Conference - Weeds 2001},
	year={2018},
	pages={563 - 568},
}
@article{hausman2011resistance,
  title={Resistance to HPPD-inhibiting herbicides in a population of waterhemp (Amaranthus tuberculatus) from Illinois, United States},
  author={Hausman, Nicholas E and Singh, Sukhvinder and Tranel, Patrick J and Riechers, Dean E and Kaundun, Shiv S and Polge, Nicholas D and Thomas, David A and Hager, Aaron G},
  journal={Pest management science},
  volume={67},
  number={3},
  pages={258--261},
  year={2011},
  publisher={Wiley Online Library}
}
@article{rocaboy2014novel,
  title={Novel bacterial bioassay for a high-throughput screening of 4-hydroxyphenylpyruvate dioxygenase inhibitors},
  author={Rocaboy-Faquet, Emilie and Noguer, Thierry and Romdhane, Sana and Bertrand, C{\'e}dric and Dayan, Franck Emmanuel and Barthelmebs, Lise},
  journal={Applied microbiology and biotechnology},
  volume={98},
  number={16},
  pages={7243--7252},
  year={2014},
  publisher={Springer}
}
@article{yang2004structural,
  title={Structural basis for herbicidal inhibitor selectivity revealed by comparison of crystal structures of plant and mammalian 4-hydroxyphenylpyruvate dioxygenases},
  author={Yang, Cheng and Pflugrath, James W and Camper, Debra L and Foster, Mendy L and Pernich, Daniel J and Walsh, Terence A},
  journal={Biochemistry},
  volume={43},
  number={32},
  pages={10414--10423},
  year={2004},
  publisher={ACS Publications}
}
@book{kramer2007modern,
  title={Modern crop protection compounds},
  author={Krämer, Wolfgang and Schirmer, Ulrich and others},
  year={2007},
  publisher={Wiley-VCH}
}
@article{zhang2007identification,
  title={Identification of a cytochrome P450 hydroxylase, CYP81A6, as the candidate for the bentazon and sulfonylurea herbicide resistance gene, Bel, in rice},
  author={Zhang, Lei and Lu, Qing and Chen, Honggao and Pan, Gang and Xiao, Shushu and Dai, Yuntao and Li, Qiang and Zhang, Jiwen and Wu, Xiaozhi and Wu, Jiangsheng and others},
  journal={Molecular breeding},
  volume={19},
  number={1},
  pages={59--68},
  year={2007},
  publisher={Springer}
}
@article{munne2005role,
  title={The role of $\alpha$-tocopherol in plant stress tolerance},
  author={Munn{\'e}-Bosch, Sergi},
  journal={Journal of plant physiology},
  volume={162},
  number={7},
  pages={743--748},
  year={2005},
  publisher={Elsevier}
}
@article{prall2016utility,
  title={Utility of a phylogenetic perspective in structural analysis of CYP72A enzymes from flowering plants},
  author={Prall, Wil and Hendy, Oliver and Thornton, Leeann E},
  journal={PloS one},
  volume={11},
  number={9},
  pages={e0163024},
  year={2016},
  publisher={Public Library of Science San Francisco, CA USA}
}
@article{siminszky2006plant,
  title={Plant cytochrome P450-mediated herbicide metabolism},
  author={Siminszky, Balazs},
  journal={Phytochemistry Reviews},
  volume={5},
  number={2},
  pages={445--458},
  year={2006},
  publisher={Springer}
}
@article{davies1998mode,
  title={Mode of action of naphthalic anhydride as a safener for the herbicide AC 263222 in maize},
  author={Davies, Joanna and Caseley, John C and Jones, Owen TG and Barrett, Michael and Polge, Nicholas D},
  journal={Pesticide science},
  volume={52},
  number={1},
  pages={29--38},
  year={1998},
  publisher={Wiley Online Library}
}
@article{yuan2007non,
  title={Non-target-site herbicide resistance: a family business},
  author={Yuan, Joshua S and Tranel, Patrick J and Stewart Jr, C Neal},
  journal={Trends in plant science},
  volume={12},
  number={1},
  pages={6--13},
  year={2007},
  publisher={Elsevier}
}
@article{kawahigashi2005enhanced,
  title={Enhanced herbicide cross-tolerance in transgenic rice plants co-expressing human CYP1A1, CYP2B6, and CYP2C19},
  author={Kawahigashi, Hiroyuki and Hirose, Sakiko and Inui, Hideyuki and Ohkawa, Hideo and Ohkawa, Yasunobu},
  journal={Plant science},
  volume={168},
  number={3},
  pages={773--781},
  year={2005},
  publisher={Elsevier}
}
@article{kawahigashi2008transgenic,
  title={Transgenic rice plants expressing human P450 genes involved in xenobiotic metabolism for phytoremediation},
  author={Kawahigashi, Hiroyuki and Hirose, Sakiko and Ohkawa, Hideo and Ohkawa, Yasunobu},
  journal={Microbial Physiology},
  volume={15},
  number={2-3},
  pages={212--219},
  year={2008},
  publisher={Karger Publishers}
}
@article{inui2005herbicide,
  title={Herbicide resistance in transgenic plants with mammalian P450 monooxygenase genes},
  author={Inui, Hideyuki and Ohkawa, Hideo},
  journal={Pest Management Science: formerly Pesticide Science},
  volume={61},
  number={3},
  pages={286--291},
  year={2005},
  publisher={Wiley Online Library}
}
@article{didierjean2002engineering,
  title={Engineering herbicide metabolism in tobacco and Arabidopsis with CYP76B1, a cytochrome P450 enzyme from Jerusalem artichoke},
  author={Didierjean, Luc and Gondet, Laurence and Perkins, Roberta and Lau, Sze-Mei Cindy and Schaller, Hubert and O'Keefe, Daniel P and Werck-Reichhart, Dani{\`e}le},
  journal={Plant Physiology},
  volume={130},
  number={1},
  pages={179--189},
  year={2002},
  publisher={American Society of Plant Biologists}
}
