@article{MONN:m,
author = {Li, Shuya and Wan, Fangping and Shu, Hantao and Jiang, Tao and Zhao, Dan and Zeng, Jianyang},
year = {2020},
month = {04},
pages = {308-322.e11},
title = {MONN: A Multi-objective Neural Network for Predicting Compound-Protein Interactions and Affinities},
volume = {10},
journal = {Cell Systems},
doi = {10.1016/j.cels.2020.03.002}
}
