@article{wong,
  title={P450 BM3 (CYP102A1): connecting the dots},
  author={Whitehouse, Christopher JC and Bell, Stephen G and Wong, Luet-Lok},
  journal={Chemical Society Reviews},
  volume={41},
  number={3},
  pages={1218--1260},
  year={2012},
  publisher={Royal Society of Chemistry}
}
@article{rosettadock,
  title={Small-molecule ligand docking into comparative models with Rosetta},
  author={Combs, Steven A and DeLuca, Samuel L and DeLuca, Stephanie H and Lemmon, Gordon H and Nannemann, David P and Nguyen, Elizabeth D and Willis, Jordan R and Sheehan, Jonathan H and Meiler, Jens},
  journal={Nature protocols},
  volume={8},
  number={7},
  pages={1277--1298},
  year={2013},
  publisher={Nature Publishing Group}
}
